<?xml version="1.0" encoding="UTF-8"?><collection xmlns="http://www.loc.gov/MARC21/slim"><record><leader>00451nam--2200169-i-4500</leader><controlfield tag="001">000047090</controlfield><controlfield tag="002">20161230</controlfield><controlfield tag="005">20161230201046</controlfield><controlfield tag="008">060222s1000------------r-----000-0-eng-d</controlfield><datafield ind1=" " ind2=" " tag="040"><subfield code="a">IFIN-HH</subfield></datafield><datafield ind1=" " ind2=" " tag="080"><subfield code="a">538.3</subfield></datafield><datafield ind1="1" ind2=" " tag="100"><subfield code="a">Weeks, W.L</subfield></datafield><datafield ind1="1" ind2="0" tag="245"><subfield code="a">Electromagnetic theory for engineering applications</subfield><subfield code="c">W.l. weeks</subfield></datafield><datafield ind1=" " ind2=" " tag="260"><subfield code="a">New York</subfield><subfield code="b">John Wiley &amp; Sons, Inc</subfield><subfield code="c">1964</subfield></datafield><datafield ind1=" " ind2=" " tag="300"><subfield code="a">XIX+744P</subfield></datafield><datafield ind1=" " ind2=" " tag="852"><subfield code="a">24466</subfield><subfield code="c">537:538</subfield></datafield><datafield ind1=" " ind2=" " tag="CAT"><subfield code="a">Sys</subfield><subfield code="c">20110614</subfield><subfield code="h">132000</subfield></datafield></record></collection>